
@inproceedings{ding2017visualizing,
  title={Visualizing and understanding neural machine translation},
  author={Ding, Yanzhuo and Liu, Yang and Luan, Huanbo and Sun, Maosong},
  booktitle={Proceedings of the 55th Annual Meeting of the Association for Computational Linguistics (Volume 1: Long Papers)},
  volume={1},
  pages={1150--1159},
  year={2017}
}
@article{lipton2016mythos,
  title={The mythos of model interpretability},
  author={Lipton, Zachary C},
  journal={arXiv preprint arXiv:1606.03490},
  year={2016}
}
@inproceedings{trost2017parameter,
  title={Parameter Free Hierarchical Graph-Based Clustering for Analyzing Continuous Word Embeddings},
  author={Trost, Thomas Alexander and Klakow, Dietrich},
  booktitle={Proceedings of TextGraphs-11: the Workshop on Graph-based Methods for Natural Language Processing},
  pages={30--38},
  year={2017}
}
@inproceedings{wang2017emergent,
  title={Emergent Predication Structure in Hidden State Vectors of Neural Readers},
  author={Wang, Hai and Onishi, Takeshi and Gimpel, Kevin and McAllester, David},
  booktitle={Proceedings of the 2nd Workshop on Representation Learning for NLP},
  pages={26--36},
  year={2017}
}
@article{zhang2018end,
  title={End-to-End Quantum-like Language Models with Application to Question Answering},
  author={Zhang, Peng and Niu, Jiabin and Su, Zhan and Wang, Benyou and Ma, Liqun and Song, Dawei},
  year={2018},
  publisher={Association for the Advancement of Artificial Intelligence}
}
@inproceedings{li2015modeling,
  title={Modeling multi-query retrieval tasks using density matrix transformation},
  author={Li, Qiuchi and Li, Jingfei and Zhang, Peng and Song, Dawei},
  booktitle={Proceedings of the 38th International ACM SIGIR Conference on Research and Development in Information Retrieval},
  pages={871--874},
  year={2015},
  organization={ACM}
}
@article{xie2015modeling,
  title={Modeling quantum entanglements in quantum language models},
  author={Xie, Mengjiao and Hou, Yuexian and Zhang, Peng and Li, Jingfei and Li, Wenjie and Song, Dawei},
  year={2015},
  publisher={AAAI Press}
}
@inproceedings{sordoni2014learning,
  title={Learning Concept Embeddings for Query Expansion by Quantum Entropy Minimization.},
  author={Sordoni, Alessandro and Bengio, Yoshua and Nie, Jian-Yun},
  booktitle={AAAI},
  volume={14},
  pages={1586--1592},
  year={2014}
}
@inproceedings{sordoni2013modeling1,
  title={Modeling latent topic interactions using quantum interference for information retrieval},
  author={Sordoni, Alessandro and He, Jing and Nie, Jian-Yun},
  booktitle={Proceedings of the 22nd ACM international conference on Information \& Knowledge Management},
  pages={1197--1200},
  year={2013},
  organization={ACM}
}
@inproceedings{sordoni2013modeling2,
  title={Modeling term dependencies with quantum language models for IR},
  author={Sordoni, Alessandro and Nie, Jian-Yun and Bengio, Yoshua},
  booktitle={Proceedings of the 36th international ACM SIGIR conference on Research and development in information retrieval},
  pages={653--662},
  year={2013},
  organization={ACM}
}
@incollection{melucci2011quantum,
  title={Quantum mechanics and information retrieval},
  author={Melucci, Massimo and van Rijsbergen, Keith},
  booktitle={Advanced topics in information retrieval},
  pages={125--155},
  year={2011},
  publisher={Springer}
}
@book{van2004geometry,
  title={The geometry of information retrieval},
  author={Van Rijsbergen, Cornelis Joost},
  year={2004},
  publisher={Cambridge University Press}
}
@inproceedings{blacoe2013quantum,
  title={A quantum-theoretic approach to distributional semantics},
  author={Blacoe, William and Kashefi, Elham and Lapata, Mirella},
  booktitle={Proceedings of the 2013 Conference of the North American Chapter of the Association for Computational Linguistics: Human Language Technologies},
  pages={847--857},
  year={2013}
}
@article{levine2017deep,
  title={Deep learning and quantum entanglement: Fundamental connections with implications to network design},
  author={Levine, Yoav and Yakira, David and Cohen, Nadav and Shashua, Amnon},
  journal={ICLR},
  year={2018}
}
@inproceedings{zuccon2010using,
  title={Using the quantum probability ranking principle to rank interdependent documents},
  author={Zuccon, Guido and Azzopardi, Leif},
  booktitle={European Conference on Information Retrieval},
  pages={357--369},
  year={2010},
  organization={Springer}
}
@inproceedings{piwowarski2010can,
  title={What can quantum theory bring to information retrieval},
  author={Piwowarski, Benjamin and Frommholz, Ingo and Lalmas, Mounia and Van Rijsbergen, Keith},
  booktitle={Proceedings of the 19th ACM international conference on Information and knowledge management},
  pages={59--68},
  year={2010},
  organization={ACM}
}
@inproceedings{sordoni2013modeling,
  title={Modeling term dependencies with quantum language models for IR},
  author={Sordoni, Alessandro and Nie, Jian-Yun and Bengio, Yoshua},
  booktitle={Proceedings of the 36th international ACM SIGIR conference on Research and development in information retrieval},
  pages={653--662},
  year={2013},
  organization={ACM}
}
@inproceedings{basile2017towards,
  title={Towards quantum language models},
  author={Basile, Ivano and Tamburini, Fabio},
  booktitle={Proceedings of the 2017 Conference on Empirical Methods in Natural Language Processing},
  pages={1840--1849},
  year={2017}
}
@article{atmanspacher2012dual,
  title={Dual-aspect monism {\`a} la Pauli and Jung},
  author={Atmanspacher, Harald},
  journal={Journal of Consciousness Studies},
  volume={19},
  number={9-10},
  pages={96--120},
  year={2012},
  publisher={Imprint Academic}
}
